% supported fields: https://www.bibtex.com/s/bibliography-style-base-alpha/

%    address
%    author
%    booktitle
%    chapter
%    edition
%    editor
%    howpublished
%    institution
%    journal
%    key
%    month
%    note
%    number
%    organization
%    pages
%    publisher
%    school
%    series
%    title
%    type
%    volume
%    year

% see also: https://www.bibtex.com/styles/

% howpublished = {available at: \url{https://...} (successful access: Juli 2022)},

@book{uml,
author = {Rupp, Chris and Queins, Stefan and die SOPHISTen},
title = {UML 2 glasklar},
publisher = {Carl Hanser Verlag GmbH \&amp; Co. KG},
year = {2012},
doi = {10.3139/9783446431973},
address = {München},
edition   = {4., aktualisierte und erweiterte Auflage},
URL = {https://www.hanser-elibrary.com/doi/abs/10.3139/9783446431973},
eprint = {https://www.hanser-elibrary.com/doi/pdf/10.3139/9783446431973}
}

@misc{ibm_dependencies,
	author = {IBM},
	title = {Dependency relationships},
	copyright = {© Copyright IBM Corporation 1987, 2012},
	url = {https://prod.ibmdocs-production-dal-6099123ce774e592a519d7c33db8265e-0000.us-south.containers.appdomain.cloud/docs/en/rational-soft-arch/9.7.0?topic=diagrams-dependency-relationships},
	abstract = {IBM Documentation.},
	language = {en-US},
	urldate = {2022-12-20},
	month = mar,
	year = {2021},
}
